% Encoding: windows-1252


@Book{CACD:2008,
    publisher = {Cambridge University Press},
    author = {Accessibility.},
    title = {{Cambridge Academic Content Dictionary}},
    year = {2008},
}

@inproceedings{inproceedings,
author = {Chellapilla, Kumar and Larson, Kevin and Simard, Patrice and Czerwinski, Mary},
year = {2005},
month = {04},
pages = {711-720},
title = {Designing human friendly human interaction proofs (HIPs},
journal = {Proc. of SIGCHI},
doi = {10.1145/1054972.1055070}
}

@article{doi:10.1068/p120647,
author = {Richard L Gregory},
title ={The Genius of Alan Turing (1912â€“1954)},
journal = {Perception},
volume = {12},
number = {6},
pages = {647-649},
year = {1983},
doi = {10.1068/p120647},

URL = { 
        https://doi.org/10.1068/p120647
    
},
eprint = { 
        https://doi.org/10.1068/p120647
    
}
}

@Book{joshi:2011,
    publisher = {Science Publishers: CRC Press},
    author = {R C Joshi, Anjali Sardana},
    title = {{Honeypots: a new paradigm to information security}},
    year = {2011},
}

 @misc{tutorial,
  title = {A TUTORIAL ON CAPTCHA.},
  author = {Theo Pavlidis},
  howpublished = {\url{https://www.theopavlidis.com/technology/captcha/tutorial.htm}},
  note = {Zugriff am 07 06 2022}
}